@article{Nusser_2018, author = {Nüsser, M. and Dame, Juliane and Kraus, Benjamin and Baghel, Ravi
            and Schmidt, Susanne},
  title = "Socio-hydrology of artificial glaciers in Ladakh, India: assessing
           adaptive strategies in a changing cryosphere",
  journal = "Regional Environmental Change",
  year = "2019",
  DOI = "10.1007/s10113-018-1372-0",
}

@article{OerlemansKnap_1998,
  author = "J. Oerlemans and W. H. Knap ",
  title = "A 1 year record of global radiation and albedo in the ablation zone
           of Morteratschgletscher, Switzerland",
  journal = "Journal of Glaciology",
  volume = "44",
  number = "147",
  pages = "231--238",
  year = "1998",
  DOI = "10.3189/S0022143000002574",
  keywords = "albedo",
}

@article{Herrero_2009,
  title = "An energy balance snowmelt model in a Mediterranean site",
  journal = "Journal of Hydrology",
  volume = "371",
  number = "1",
  pages = "98 - 107",
  year = "2009",
  issn = "0022-1694",
  doi = "10.1016/j.jhydrol.2009.03.021",
  author = "J. Herrero and M.J. Polo and A. Moñino and M.A. Losada",
  keywords = "Snow, Evaporation, Energy balance, Mediterranean",
}

@article{MolgHardy_2004,
  author = "Mölg, T. and Hardy, D. R.",
  title = "Ablation and associated energy balance of a horizontal glacier
           surface on Kilimanjaro",
  journal = "J. Geophys. Res.-Atmos.",
  volume = "109",
  pages = "1--13",
  year = "2004",
  DOI = "10.1029/2003JD004338",
}

@article{ZollesMaussion_2019,
  AUTHOR = {Zolles, T. and Maussion, F. and Galos, S. P. and Gurgiser, W. and
            Nicholson, L.},
  TITLE = {Robust uncertainty assessment of the spatio-temporal transferability
           of glacier mass and energy balance models},
  JOURNAL = {The Cryosphere},
  VOLUME = {13},
  YEAR = {2019},
  NUMBER = {2},
  PAGES = {469--489},
  DOI = {10.5194/tc-13-469-2019},
}

@article{Brutsaert_1975,
  author = "Brutsaert, W.",
  title = "On a derivable formula for long-wave radiation from clear skies",
  journal = "Water Resources Research",
  volume = "11",
  number = "1-4",
  pages = "742–744",
  year = "1975",
  DOI = {10.1029/WR011i005p00742},
}

@book{Brutsaert_1982,
  author = "Brutsaert, W.",
  title = "Evaporation into the Atmosphere. Theory, History and Application",
  publisher = "Kluwer Academic Publishers",
  year = "1982",
}

@article{Schmidt_2017,
  AUTHOR = {Schmidt, L. S. and Aðalgeirsdóttir, G. and Guðmundsson, S. and
            Langen, P. L. and Pálsson, F. and Mottram, R. and Gascoin, S. and
            Björnsson, H.},
  TITLE = {The importance of accurate glacier albedo for estimates of surface
           mass balance on Vatnaj\"okull: evaluating the surface energy budget in
           a regional climate model with automatic weather station observations},
  JOURNAL = {The Cryosphere},
  VOLUME = {11},
  YEAR = {2017},
  NUMBER = {4},
  PAGES = {1665--1684},
  DOI = {10.5194/tc-11-1665-2017},
}

@article{MolgMaussion_2012,
  AUTHOR = {Mölg, T. and Maussion, F. and Yang, W. and Scherer, D.},
  TITLE = {The footprint of Asian monsoon dynamics in the mass and energy
           balance of a Tibetan glacier},
  JOURNAL = {The Cryosphere},
  VOLUME = {6},
  YEAR = {2012},
  NUMBER = {6},
  PAGES = {1445--1461},
  DOI = {10.5194/tc-6-1445-2012},
}

@article{FujitaAgeta_2000,
  title = {Effect of summer accumulation on glacier mass balance on the Tibetan
           Plateau revealed by mass-balance model},
  volume = {46},
  DOI = {10.3189/172756500781832945},
  number = {153},
  journal = {Journal of Glaciology},
  publisher = {Cambridge University Press},
  author = {Fujita, Koji and Ageta, Yutaka},
  year = {2000},
  pages = {244–252},
}

@article{Sicart_2002,
  author = {Sicart, Jean Emmanuel and Ribstein, Pierre and Chazarin, Jean
            Philippe and Berthier, Etienne},
  title = {Solid precipitation on a tropical glacier in Bolivia measured with an
           ultrasonic depth gauge},
  journal = {Water Resources Research},
  volume = {38},
  number = {10},
  pages = {7-1-7-7},
  keywords = {glacier, precipitation, snow, tropics, snow density, ultrasonic
              depth gauge},
  doi = {10.1029/2002WR001402},
  eprint = {https://agupubs.onlinelibrary.wiley.com/doi/pdf/10.1029/2002WR001402
            },
  year = {2002},
}

@article{Zhou_2010,
  author = "Zhou, ShiQiao and Kang, ShiChang and Gao, TanGuang and Zhang,
            GuoShuai",
  title = "Response of Zhadang Glacier runoff in Nam Co Basin, Tibet, to changes
           in air temperature and precipitation form",
  journal = "Chinese Science Bulletin",
  year = "2010",
  month = "Jul",
  day = "01",
  volume = "55",
  number = "20",
  pages = "2103--2110",
  issn = "1861-9541",
  doi = "10.1007/s11434-010-3290-5",
}

@article{OerlemansKlok_2004,
  author = {Klok, E. J. and Oerlemans, J.},
  title = {Modelled climate sensitivity of the mass balance of
           Morteratschgletscher and its dependence on albedo parameterization},
  journal = {International Journal of Climatology},
  volume = {24},
  number = {2},
  pages = {231-245},
  keywords = {mass balance sensitivity, climate change, glacier, albedo,
              parameterization, mass balance model, Morteratschgletscher},
  doi = {10.1002/joc.994},
  year = {2004},
}
@article{CullenMolgKaserSteffenHardy_2007,
  title = {Energy-balance model validation on the top of Kilimanjaro, Tanzania,
           using eddy covariance data},
  volume = {46},
  DOI = {10.3189/172756407782871224},
  journal = {Annals of Glaciology},
  publisher = {Cambridge University Press},
  author = {Cullen, Nicolas J. and Mölg, Thomas and Kaser, Georg and Steffen,
            Konrad and Hardy, Douglas R.},
  year = {2007},
  pages = {227–233},
}

@article{BrockWillisSharp_2006,
  title = {Measurement and parameterization of aerodynamic roughness length
           variations at Haut Glacier d’Arolla, Switzerland},
  volume = {52},
  DOI = {10.3189/172756506781828746},
  number = {177},
  journal = {Journal of Glaciology},
  publisher = {Cambridge University Press},
  author = {Brock, Ben W. and Willis, Ian C. and Sharp, Martin J.},
  year = {2006},
  pages = {281–297},
}

@article{Apel_2018,
  AUTHOR = {Apel, H. and Abdykerimova, Z. and Agalhanova, M. and Baimaganbetov,
            A. and Gavrilenko, N. and Gerlitz, L. and Kalashnikova, O. and
            Unger-Shayesteh, K. and Vorogushyn, S. and Gafurov, A.},
  TITLE = {Statistical forecast of seasonal discharge in Central Asia using
           observational records: development of a generic linear modelling tool
           for operational water resource management},
  JOURNAL = {Hydrology and Earth System Sciences},
  VOLUME = {22},
  YEAR = {2018},
  NUMBER = {4},
  PAGES = {2225--2254},
  DOI = {10.5194/hess-22-2225-2018},
}

@article{Buytaert_2017,
  doi = {10.1088/1748-9326/aa926c},
  year = 2017,
  month = {nov},
  publisher = {{IOP} Publishing},
  volume = {12},
  number = {11},
  pages = {114014},
  author = {Wouter Buytaert and Simon Moulds and Luis Acosta and Bert De Bievre
            and Carlos Olmos and Marcos Villacis and Carolina Tovar and Koen M J
            Verbist},
  title = {Glacial melt content of water use in the tropical Andes},
  journal = {Environmental Research Letters},
}

@article{Chen_2016,
  doi = {10.1088/1748-9326/aa926c},
  year = "2016",
  author = {Chen, Yaning and Li, Weihong and Deng, Haijun and Fang, Gonghuan and
            Li, Zhi},
  title = {Changes in Central Asia’s Water Tower: Past, Present and Future.},
  journal = {Nature},
}

@article{UNGERSHAYESTEH_2013,
  title = "What do we know about past changes in the water cycle of Central
           Asian headwaters? A review",
  journal = "Global and Planetary Change",
  volume = "110",
  pages = "4 - 25",
  year = "2013",
  note = "Water in Central Asia – Perspectives under global change",
  issn = "0921-8181",
  doi = "10.1016/j.gloplacha.2013.02.004",
  author = "Katy Unger-Shayesteh and Sergiy Vorogushyn and Daniel Farinotti and
            Abror Gafurov and Doris Duethmann and Alexander Mandychev and Bruno
            Merz",
  keywords = "hydrological change, climate change, Tien Shan, Pamir, glaciers,
              seasonal snow cover, river runoff",
}
@article{Immerzeel_2020,
  title = "Importance and vulnerability of the world's water towers",
  journal = "Nature",
  volume = "577",
  pages = "364 - 369",
  year = "2019",
  doi = "10.1038/s41586-019-1822-y",
  author = {W. W. Immerzeel and A. F. Lutz and M. Andrade and A. Bahl and H.
            Biemans and T. Bolch and S. Hyde and S. Brumby and B. J. Davies and
            A. C. Elmore and A. Emmer and M. Feng and A. Fernandez and U.
            Haritashya and J. S. Kargel and M. Koppes and P. D. A. Kraaijenbrink
            and A. V. Kulkarni and P. A. Mayewski and S. Nepal and P. Pacheco and
            T. H. Painter and F. Pellicciotti and H. Rajaram and S. Rupper and A.
            Sinisalo and A. B. Shrestha and D. Viviroli and Y. Wada and C. Xiao
            and Yao, T. and Baillie, J. E. M.},
}

@book{Woolf_1968,
  author = "Woolf, Harold M.",
  title = "On the Computation of Solar Elevation Angles and the determination of
           sunrise and sunset times",
  publisher = "National Aeronautics and Space Administration",
  year = "1968",
  note = "[Available at \url{https://ntrs.nasa.gov/citations/19680025707},
          accessed 2022-01-04]",
}

@book{Oerlemans_2010,
  author = "Oerlemans, J.",
  title = "The microclimate of valley glaciers",
  publisher = "Utrecht Publishing and Archiving Services",
  year = "2010",
}

@book{CuffeyPaterson_2010,
  author = {Kurt M. Cuffey and W. S. B. Paterson},
  title = "The Physics Of Glaciers",
  publisher = "Elsevier",
  year = "2010",
}

@book{Garratt_1992,
  author = "J. R. Garratt",
  title = "The Atmospheric Boundary Layer",
  publisher = "Cambridge University Press",
  year = "1992",
}

@article{IPCC_2019,
  title = "2019: High Mountain Areas",
  journal = "IPCC Special Report on the Ocean and Cryosphere in a Changing
             Climate [H.-O. Pörtner, D.C. Roberts, V. Masson-Delmotte, P. Zhai,
             M. Tignor, E. Poloczanska, K. Mintenbeck, A. Alegría, M. Nicolai,
             A. Okem, J. Petzold, B. Rama, N.M. Weyer (eds.)]",
  year = "2019",
  author = "Hock, R. and G. Rasul and C. Adler and B. Cáceres and S. Gruber and
            Y. Hirabayashi and M. Jackson and A. Kääb and S. Kang and S. Kutuzov
            and Al. Milner and U. Molau and S. Morin and B. Orlove and H.
            Steltzer",
}

@article{10.1659/MRD-JOURNAL-D-18-00072.1,
  author = {Marcus Nüsser and Juliane Dame and Sitara Parveen and Benjamin Kraus
            and Ravi Baghel and Susanne Schmidt},
  title = {{Cryosphere-Fed Irrigation Networks in the Northwestern Himalaya:
           Precarious Livelihoods and Adaptation Strategies Under the Impact of
           Climate Change}},
  volume = {39},
  journal = {Mountain Research and Development},
  number = {2},
  publisher = {International Mountain Society},
  keywords = {adaptation strategies, Cryosphere dynamics, Himalaya, India,
              irrigation networks, Pakistan, sociohydrology},
  year = {2019},
  doi = {10.1659/MRD-JOURNAL-D-18-00072.1},
}

@book{HoelzleBarandun_2019,
  author = {Hoelzle, Martin and Barandun, Martina and Bolch, Tobias and Fiddes,
            Joel and Gafurov, Abror and Muccione, Veruska and Saks, Tomas and
            Shahgedanova, M.},
  year = {2019},
  month = {09},
  pages = {100-121},
  title = {The status and role of the alpine cryosphere in Central Asia},
  isbn = {9780429436475},
  doi = {10.4324/9780429436475-8},
}

@article{Bonales_2017,
  author = {L. J. Bonales and A. C. Rodriguez and P. D. Sanz},
  title = {Thermal conductivity of ice prepared under different conditions},
  journal = {International Journal of Food Properties},
  volume = {20},
  number = {sup1},
  pages = {610-619},
  year = {2017},
  publisher = {Taylor & Francis},
  doi = {10.1080/10942912.2017.1306551},
}

@article{Clouse_2017,
  author = {Carey Clouse and Naomi Anderson and Taylor Shippling},
  title = {Ladakh’s artificial glaciers: climate-adaptive design for water
           scarcity},
  journal = {Climate and Development},
  volume = {9},
  number = {5},
  pages = {428-438},
  year = {2017},
  publisher = {Taylor & Francis},
  doi = {10.1080/17565529.2016.1167664},
}

@article{Greuell_1997,
  author = {Greuell, Wouter and Knap, Wouter H. and Smeets, Paul C.},
  title = {Elevational changes in meteorological variables along a midlatitude
           glacier during summer},
  journal = {Journal of Geophysical Research: Atmospheres},
  volume = {102},
  number = {D22},
  pages = {25941-25954},
  doi = {10.1029/97JD02083},
  year = {1997},
}


@article{Ruiz-Arias_2019,
  author = {Ruiz-Arias,José A. and Gueymard,Christian A. and Cebecauer,Tomas },
  title = {Direct normal irradiance modeling: Evaluating the impact on accuracy
           of worldwide gridded aerosol databases},
  journal = {AIP Conference Proceedings},
  volume = {2126},
  number = {1},
  pages = {190013},
  year = {2019},
  doi = {10.1063/1.5117710},
}

@article{LongandAckerman_2006,
  author = {Long, C. N. and Ackerman, T. P. and Gaustad, K. L. and Cole, J. N.
            S.},
  title = {Estimation of fractional sky cover from broadband shortwave
           radiometer measurements},
  journal = {Journal of Geophysical Research: Atmospheres},
  volume = {111},
  number = {D11},
  pages = {},
  keywords = {sky cover, radiation, clouds},
  doi = {10.1029/2005JD006475},
  year = {2006},
}

@misc{era5,
  author = "{Copernicus Climate Change Service (C3S)}",
  title = "ERA5: Fifth generation of ECMWF atmospheric reanalyses of the global
           climate",
  publisher = "Copernicus Climate Change Service Climate Data Store (CDS)",
  year = "2017",
  url = "https://cds.climate.copernicus.eu/cdsapp#!/home",
  note = "[Available at \url{https://cds.climate.copernicus.eu/cdsapp#!/home},
          accessed 2019-10-01]",
}

@misc{meteoswiss,
  author = "{IDAWEB}",
  title = "MeteoSwiss, Federal Office of Meteorology and Climatology",
  year = "2019",
  note = "[Available at \url{https://gate.meteoswiss.ch/idaweb/login.do},
          accessed 2019-10-01]",
}

@article{Chevuturi_2018,
  author = {Chevuturi, A. and Dimri, A. P. and Thayyen, R. J.},
  title = {Climate change over Leh (Ladakh), India},
  journal = {Theoretical and Applied Climatology},
  volume = {131},
  pages = {531-545},
  doi = {10.1007/s00704-016-1989-1},
  year = {2018},
}

@article{campaign,
  author = {Wangchuk, S.},
  title = {Ice Stupa Artificial Glaciers of Ladakh},
  publisher = {Indiegogo},
  year = {2014},
  note = "[Available at \url{
          www.indiegogo.com/projects/ice-stupa-artificial-glaciers-of-ladakh#/},
          accessed 2019-10-01]",
}

@article{isc,
  author = {Wangchuk, S.},
  title = {Ice Stupa Competition},
  publisher = {Ministry of tribal affairs, Government of India},
  year = {2021},
  note = "[Available at \url{ https://tribal.nic.in/IceStupa.aspx}, accessed
          2021-12-13]",
}

@article{guttannen,
  author = {Meteoblue},
  title = {Climate Guttannen},
  publisher = {Meteoblue},
  year = {2021},
  note = "[Available at \url{
          https://www.meteoblue.com/en/weather/historyclimate/climatemodelled/guttannen_switzerland_2660433
          }, accessed 2021-07-19]",
}

@article{zanskar,
  author = {Grossman, D.},
  title = {As Himalayan Glaciers Melt, Two Towns Face the Fallout},
  publisher = {Yale School of the Environment},
  year = {2015},
  url = {
         https://e360.yale.edu/features/as_himalayan_glaciers_melt_two_towns_face_the_fallout
         },
  note = "[Available at \url{
          https://e360.yale.edu/features/as_himalayan_glaciers_melt_two_towns_face_the_fallout
          }, accessed 2019-10-01]",
}

@article{waterinput,
  author = {Wangchuk, S.},
  title = {World water day at Ice Stupa},
  year = {2015},
  url = {http://icestupa.org/news/world-water-day-at-ice-stupa},
  note = "[Available at \url{
          http://icestupa.org/news/world-water-day-at-ice-stupa}, accessed
          2019-10-01]",
}

@article{iceheight,
  author = {Wangchuk, S.},
  title = {Ice Stupa surpasses guiness world record},
  year = {2015},
  url = {http://icestupa.org/news/ice-stupa-surpasses-guinness-world-record},
  note = "[Available at \url{
          http://icestupa.org/news/ice-stupa-surpasses-guinness-world-record},
          accessed 2019-10-01]",
}

@article{waterend,
  author = {Wangchuk, S.},
  title = {Ice Stupa artificial glacier inaugurated},
  year = {2015},
  url = {
         http://icestupa.org/news/ice-stupa-artificial-glacier-inaugurated-5th-of-march
         },
  note = "[Available at \url{
          http://icestupa.org/news/ice-stupa-artificial-glacier-inaugurated-5th-of-march
          }, accessed 2019-10-01]",
}

@article{waterstart,
  author = {Wangchuk, S.},
  title = {The good news at Ice Stupa},
  year = {2015},
  url = {http://icestupa.org/news/the-good-news-at-ice-stupa},
  note = "[Available at \url{http://icestupa.org/news/the-good-news-at-ice-stupa
          }, accessed 2019-10-01]",
}

@article{iceends,
  author = {Wangchuk, S.},
  title = {Ice Stupa way of celebrating a special day},
  year = {2015},
  url = {
         http://icestupa.org/news/ice-stupa-way-of-celebrating-a-special-day6th-of-ju
         },
  note = "[Available at \url{
          http://icestupa.org/news/ice-stupa-way-of-celebrating-a-special-day6th-of-ju
          }, accessed 2019-10-01]",
}

@article{Stigter_2018,
  AUTHOR = {Stigter, Emmy E. and Litt, Maxime and Steiner, Jakob F. and Bonekamp
            , Pleun N. J. and Shea, Joseph M. and Bierkens, Marc F. P. and
            Immerzeel, Walter W.},
  TITLE = {The Importance of Snow Sublimation on a Himalayan Glacier},
  JOURNAL = {Frontiers in Earth Science},
  VOLUME = {6},
  PAGES = {108},
  YEAR = {2018},
  DOI = {10.3389/feart.2018.00108},
  ISSN = {2296-6463},
}

@article{ERA5_2020,
  author = {Hersbach, Hans and Bell, Bill and Berrisford, Paul and Hirahara,
            Shoji and Horányi, András and Muñoz-Sabater, Joaquín and Nicolas,
            Julien and Peubey, Carole and Radu, Raluca and Schepers, Dinand and
            Simmons, Adrian and Soci, Cornel and Abdalla, Saleh and Abellan,
            Xavier and Balsamo, Gianpaolo and Bechtold, Peter and Biavati,
            Gionata and Bidlot, Jean and Bonavita, Massimo and De Chiara,
            Giovanna and Dahlgren, Per and Dee, Dick and Diamantakis, Michail and
            Dragani, Rossana and Flemming, Johannes and Forbes, Richard and
            Fuentes, Manuel and Geer, Alan and Haimberger, Leo and Healy, Sean
            and Hogan, Robin J. and Hólm, Elías and Janisková, Marta and Keeley,
            Sarah and Laloyaux, Patrick and Lopez, Philippe and Lupu, Cristina
            and Radnoti, Gabor and de Rosnay, Patricia and Rozum, Iryna and
            Vamborg, Freja and Villaume, Sebastien and Thépaut, Jean-Noël},
  title = {The ERA5 global reanalysis},
  journal = {Quarterly Journal of the Royal Meteorological Society},
  volume = {146},
  number = {730},
  pages = {1999-2049},
  keywords = {climate reanalysis, Copernicus Climate Change Service, data
              assimilation, ERA5, historical observations},
  url = {https://rmets.onlinelibrary.wiley.com/doi/abs/10.1002/qj.3803},
  year = {2020},
}
@article{Buck_1981,
  author = "Arden L. Buck",
  title = "New Equations for Computing Vapor Pressure and Enhancement Factor",
  journal = "Journal of Applied Meteorology and Climatology",
  year = "1981",
  publisher = "American Meteorological Society",
  address = "Boston MA, USA",
  volume = "20",
  number = "12",
  pages = "1527 - 1532",
  url = "
         https://journals.ametsoc.org/view/journals/apme/20/12/1520-0450_1981_020_1527_nefcvp_2_0_co_2.xml
         ",
}
@article{Scherrer_2020,
  url = {https://doi.org/10.1088/1748-9326/ab702d},
  year = 2020,
  month = {mar},
  publisher = {{IOP} Publishing},
  volume = {15},
  number = {4},
  pages = {044005},
  author = {Simon C Scherrer},
  title = {Temperature monitoring in mountain regions using reanalyses: lessons
           from the Alps},
  journal = {Environmental Research Letters},
}
@article{HARTL2018123,
  title = "Analysis of past changes in wet bulb temperature in relation to snow
           making conditions based on long term observations Austria and Germany",
  journal = "Global and Planetary Change",
  volume = "167",
  pages = "123 - 136",
  year = "2018",
  issn = "0921-8181",
  url = "http://www.sciencedirect.com/science/article/pii/S0921818117305490",
  author = "Lea Hartl and Andrea Fischer and Marc Olefs",
  keywords = "Wet bulb temperature, Snow making, Winter tourism, Trend analysis",
}
@article{BoundaryConditionsforArtificialSnowProductionintheAustrianAlps,
  author = "Marc Olefs and Andrea Fischer and Josef Lang",
  title = "Boundary Conditions for Artificial Snow Production in the Austrian
           Alps",
  journal = "Journal of Applied Meteorology and Climatology",
  year = "2010",
  publisher = "American Meteorological Society",
  address = "Boston MA, USA",
  volume = "49",
  number = "6",
  pages = "1096 - 1113",
  url = "https://journals.ametsoc.org/view/journals/apme/49/6/2010jamc2251.1.xml
         ",
}
@article{Hock_2005,
  author = {Regine Hock},
  title = {Glacier melt: a review of processes and their modelling},
  journal = {Progress in Physical Geography: Earth and Environment},
  volume = {29},
  number = {3},
  pages = {362-391},
  year = {2005},
  URL = { https://doi.org/10.1191/0309133305pp453ra },
}
@article{HORI2006486,
  title = "In-situ measured spectral directional emissivity of snow and ice in
           the 8–14 micrometer atmospheric window",
  journal = "Remote Sensing of Environment",
  volume = "100",
  number = "4",
  pages = "486 - 502",
  year = "2006",
  issn = "0034-4257",
  url = "http://www.sciencedirect.com/science/article/pii/S0034425705003974",
  author = "Masahiro Hori and Teruo Aoki and Tomonori Tanikawa and Hiroki
            Motoyoshi and Akihiro Hachikubo and Konosuke Sugiura and Teppei J.
            Yasunari and Hans Eide and Rune Storvold and Yukinori Nakajima and
            Fumihiro Takahashi",
  keywords = "Directional emissivity, Surface temperature, Snow grain size, Snow
              and ice, Remote sensing",
}
@article{Fujita_2010,
  author = {Fujita, Koji and Hiyama, Kuniharu and Iida, Hajime and Ageta, Yutaka
            },
  year = {2010},
  month = {11},
  pages = {W11541},
  title = {Self-regulated fluctuations in the ablation of a snow patch over four
           decades},
  volume = {46},
  journal = {Water Resources Research},
  doi = {10.1029/2009WR008383},
}
@article{uncertainpy_2018,
  AUTHOR = {Tennøe, Simen and Halnes, Geir and Einevoll, Gaute T.},
  TITLE = {Uncertainpy: A Python Toolbox for Uncertainty Quantification and
           Sensitivity Analysis in Computational Neuroscience},
  JOURNAL = {Frontiers in Neuroinformatics},
  VOLUME = {12},
  PAGES = {49},
  YEAR = {2018},
  URL = {https://www.frontiersin.org/article/10.3389/fninf.2018.00049},
  DOI = {10.3389/fninf.2018.00049},
  ISSN = {1662-5196},
}

@article{pvlib_2018,
  doi = {10.21105/joss.00884},
  url = {https://doi.org/10.21105/joss.00884},
  year = {2018},
  publisher = {The Open Journal},
  volume = {3},
  number = {29},
  pages = {884},
  author = {William F. Holmgren and Clifford W. Hansen and Mark A. Mikofski},
  title = {pvlib python: a python package for modeling solar energy systems},
  journal = {Journal of Open Source Software},
}

@article{Oerlemans_2021,
  AUTHOR = {Oerlemans, J. and Balasubramanian, S. and Clavuot, C. and Keller, F.
            },
  TITLE = {Brief communication: Growth and decay of an ice stupa in alpine
           conditions -- a simple model driven by energy-flux observations over a
           glacier surface},
  JOURNAL = {The Cryosphere},
  VOLUME = {15},
  YEAR = {2021},
  NUMBER = {6},
  PAGES = {3007--3012},
  URL = {https://tc.copernicus.org/articles/15/3007/2021/},
  DOI = {10.5194/tc-15-3007-2021},
}

@article{reid_brock_2014,
  title = {Assessing ice-cliff backwasting and its contribution to total
           ablation of debris-covered Miage glacier, Mont Blanc massif, Italy},
  volume = {60},
  DOI = {10.3189/2014JoG13J045},
  number = {219},
  journal = {Journal of Glaciology},
  publisher = {Cambridge University Press},
  author = {Reid, T.D. and Brock, B.W.},
  year = {2014},
  pages = {3–13},
}

@article{steiner_2015,
  title = {Modelling ice-cliff backwasting on a debris-covered glacier in the
           Nepalese Himalaya},
  volume = {61},
  DOI = {10.3189/2015JoG14J194},
  number = {229},
  journal = {Journal of Glaciology},
  publisher = {Cambridge University Press},
  author = {Steiner, Jakob F. and Pellicciotti, Francesca and Buri, Pascal and
            Miles, Evan S. and Immerzeel, Walter W. and Reid, Tim D.},
  year = {2015},
  pages = {889–907},
}

@article{pellicciotti_2005,
  title = {An enhanced temperature-index glacier melt model including the
           shortwave radiation balance: development and testing for Haut Glacier
           d’Arolla, Switzerland},
  volume = {51},
  DOI = {10.3189/172756505781829124},
  number = {175},
  journal = {Journal of Glaciology},
  publisher = {Cambridge University Press},
  author = {Pellicciotti, Francesca and Brock, Ben and Strasser, Ulrich and
            Burlando, Paolo and Funk, Martin and Corripio, Javier},
  year = {2005},
  pages = {573–587},
}

@article{Xiu_2005,
  author = {Xiu, Dongbin and Hesthaven, Jan S.},
  title = {High-Order Collocation Methods for Differential Equations with Random
           Inputs},
  journal = {SIAM Journal on Scientific Computing},
  volume = {27},
  number = {3},
  pages = {1118-1139},
  year = {2005},
  doi = {10.1137/040615201},
  URL = { https://doi.org/10.1137/040615201 },
  eprint = { https://doi.org/10.1137/040615201 },
}
@article{azam_2018,
  title = {Review of the status and mass changes of Himalayan-Karakoram glaciers
           },
  volume = {64},
  DOI = {10.1017/jog.2017.86},
  number = {243},
  journal = {Journal of Glaciology},
  publisher = {Cambridge University Press},
  author = {Azam, Mohd Farooq and Wagnon, Patrick and Berthier, Etienne and
            Vincent, Christian and Fujita, Koji and Kargel, Jeffrey S.},
  year = {2018},
  pages = {61–74},
}

@article{Turner_2012,
  AUTHOR = {Turner, Darren and Lucieer, Arko and Watson, Christopher},
  TITLE = {An Automated Technique for Generating Georectified Mosaics from
           Ultra-High Resolution Unmanned Aerial Vehicle (UAV) Imagery, Based on
           Structure from Motion (SfM) Point Clouds},
  JOURNAL = {Remote Sensing},
  VOLUME = {4},
  YEAR = {2012},
  NUMBER = {5},
  PAGES = {1392--1410},
  URL = {https://www.mdpi.com/2072-4292/4/5/1392},
  ISSN = {2072-4292},
  DOI = {10.3390/rs4051392},
}

@article{Lowe_2004,
  AUTHOR = {Lowe, David G.},
  TITLE = {Distinctive Image Features from Scale-Invariant Keypoints},
  JOURNAL = {International Journal of Computer Vision},
  VOLUME = {60},
  YEAR = {2004},
  NUMBER = {2},
  PAGES = {91--110},
  URL = {https://www.mdpi.com/2072-4292/4/5/1392},
  ISSN = {1573-1405},
  DOI = {10.1023/B:VISI.0000029664.99615.94},
}

@article{Molg_2017,
  AUTHOR = {Mölg, Nico and Bolch, Tobias},
  TITLE = {Structure-from-Motion Using Historical Aerial Images to Analyse
           Changes in Glacier Surface Elevation},
  JOURNAL = {Remote Sensing},
  VOLUME = {9},
  YEAR = {2017},
  NUMBER = {10},
  ARTICLE-NUMBER = {1021},
  URL = {https://www.mdpi.com/2072-4292/9/10/1021},
  ISSN = {2072-4292},
  DOI = {10.3390/rs9101021},
}

@article{Furukawa_2010,
  author = {Furukawa, Yasutaka and Ponce, Jean},
  journal = {IEEE Transactions on Pattern Analysis and Machine Intelligence},
  title = {Accurate, Dense, and Robust Multiview Stereopsis},
  year = {2010},
  volume = {32},
  number = {8},
  pages = {1362-1376},
  doi = {10.1109/TPAMI.2009.161},
}

@article{Kung_2011,
  AUTHOR = {K\"ung, O. and Strecha, C. and Beyeler, A. and Zufferey, J.-C. and
            Floreano, D. and Fua, P. and Gervaix, F.},
  TITLE = {THE ACCURACY OF AUTOMATIC PHOTOGRAMMETRIC TECHNIQUES ON ULTRA-LIGHT
           UAV IMAGERY},
  JOURNAL = {The International Archives of the Photogrammetry, Remote Sensing
             and Spatial Information Sciences},
  VOLUME = {XXXVIII-1/C22},
  YEAR = {2011},
  PAGES = {125--130},
  URL = {
         https://www.int-arch-photogramm-remote-sens-spatial-inf-sci.net/XXXVIII-1-C22/125/2011/
         },
  DOI = {10.5194/isprsarchives-XXXVIII-1-C22-125-2011},
}

@article{huang_2018,
  title = {A Simple Accurate Formula for Calculating Saturation Vapor Pressure
           of Water and Ice},
  DOI = {10.1175/JAMC-D-17-0334.1},
  journal = {AMETSOC},
  publisher = {American Meteorological Society},
  volume = {57},
  author = {Huang, Jianhua},
  year = {2018},
  month = {Jun},
}

@article{scikit-learn,
  title = {Scikit-learn: Machine Learning in {P}ython},
  author = {Pedregosa, F. and Varoquaux, G. and Gramfort, A. and Michel, V. and
            Thirion, B. and Grisel, O. and Blondel, M. and Prettenhofer, P. and
            Weiss, R. and Dubourg, V. and Vanderplas, J. and Passos, A. and
            Cournapeau, D. and Brucher, M. and Perrot, M. and Duchesnay, E.},
  journal = {Journal of Machine Learning Research},
  volume = {12},
  pages = {2825--2830},
  year = {2011},
}

@article{Nusser_2012,
  author = {Marcus Nüsser and Susanne Schmidt and Juliane Dame},
  title = {{Irrigation and Development in the Upper Indus Basin: Characteristics
           and Recent Changes of a Socio-hydrological System in Central Ladakh,
           India}},
  volume = {32},
  journal = {Mountain Research and Development},
  number = {1},
  publisher = {International Mountain Society},
  pages = {51 -- 61},
  keywords = {high mountains, India, Irrigation systems, Ladakh, land use change
              , socio-hydrology, Trans-Himalaya},
  year = {2012},
  doi = {10.1659/MRD-JOURNAL-D-11-00091.1},
  URL = {https://doi.org/10.1659/MRD-JOURNAL-D-11-00091.1},
}

@article{Schmidt_2012,
  author = {Susanne Schmidt and Marcus Nüsser},
  title = {Changes of High Altitude Glaciers from 1969 to 2010 in the
           Trans-Himalayan Kang Yatze Massif, Ladakh, Northwest India},
  journal = {Arctic, Antarctic, and Alpine Research},
  volume = {44},
  number = {1},
  pages = {107-121},
  year = {2012},
  publisher = {Taylor & Francis},
  doi = {10.1657/1938-4246-44.1.107},
  URL = { https://doi.org/10.1657/1938-4246-44.1.107 },
}

@inbook{Labbal_2000,
  author = "Labbal, V.",
  editor = "",
  title = "Traditional oases of Ladakh: a case study of equity in water
           management.",
  chapter = "",
  pages = "163-183",
  publisher = "Oxford University Press",
  year = 2000,
  address = "Oxford, UK",
}
            
@article{Thayyen_2010,
  AUTHOR = {Thayyen, R. J. and Gergan, J. T.},
  TITLE = {Role of glaciers in watershed hydrology: a preliminary study of a "
           Himalayan catchment"},
  JOURNAL = {The Cryosphere},
  VOLUME = {4},
  YEAR = {2010},
  NUMBER = {1},
  PAGES = {115--128},
  URL = {https://tc.copernicus.org/articles/4/115/2010/},
  DOI = {10.5194/tc-4-115-2010},
}

@article{Pix4D,
  author = {Pix4D SA},
  title = "Pix4Dmapper 4.1 user manual",
  year = "2020",
  note = "[Available at \url{
          https://support.pix4d.com/hc/en-us/articles/204272989-Offline-Getting-Started-and-Manual-pdf
          }, accessed 2021-12-09]",
}
