
@article{Brutsaert_1975,
  author = "Brutsaert, W.",
  title = "On a derivable formula for long-wave radiation from clear skies",
  journal = "Water Resources Research",
  volume = "11",
  number = "1-4",
  pages = "742â€“744",
  year = "1975",
  DOI = {10.1029/WR011i005p00742},
}

@book{Garratt_1992,
  author = "J. R. Garratt",
  title = "The Atmospheric Boundary Layer",
  publisher = "Cambridge University Press",
  year = "1992",
}

@article{huang_2018,
  title = {A Simple Accurate Formula for Calculating Saturation Vapor Pressure
           of Water and Ice},
  DOI = {10.1175/JAMC-D-17-0334.1},
  journal = {AMETSOC},
  publisher = {American Meteorological Society},
  volume = {57},
  author = {Huang, Jianhua},
  year = {2018},
  month = {Jun},
}

@article{pvlib_2018,
  doi = {10.21105/joss.00884},
  url = {https://doi.org/10.21105/joss.00884},
  year = {2018},
  publisher = {The Open Journal},
  volume = {3},
  number = {29},
  pages = {884},
  author = {William F. Holmgren and Clifford W. Hansen and Mark A. Mikofski},
  title = {pvlib python: a python package for modeling solar energy systems},
  journal = {Journal of Open Source Software},
}

@book{Woolf_1968,
  author = "Woolf, Harold M.",
  title = "On the Computation of Solar Elevation Angles and the determination of
           sunrise and sunset times",
  publisher = "National Aeronautics and Space Administration",
  year = "1968",
  note = "[Available at \url{https://ntrs.nasa.gov/citations/19680025707},
          accessed 2022-01-04]",
}

@article{Palmer2022,
  author = {Palmer, Lisa},
  title = {Storing frozen water to adapt to climate change},
  journal = {Nature Climate Change},
  year = {2022},
  month = {Feb},
  day = {01},
  volume = {12},
  number = {2},
  pages = {115-117},
  abstract = {Man-made ice towers provide water during the growing season in the
              high-elevation desert in the Himalayas to buffer effects of climate
              change. Local and international science partnerships are now
              working to develop technologies to make these ice stupas more
              efficient.},
  issn = {1758-6798},
  doi = {10.1038/s41558-021-01260-x},
  url = {https://rdcu.be/cGKPQ},
}

@article{oerlemans-brief-communication-growth-2021,
  AUTHOR = {Oerlemans, J. and Balasubramanian, S. and Clavuot, C. and Keller, F.
            },
  TITLE = {Brief communication: Growth and decay of an ice stupa in alpine
           conditions -- a simple model driven by energy-flux observations over a
           glacier surface},
  JOURNAL = {The Cryosphere},
  VOLUME = {15},
  YEAR = {2021},
  NUMBER = {6},
  PAGES = {3007--3012},
  URL = {https://tc.copernicus.org/articles/15/3007/2021/},
  DOI = {10.5194/tc-15-3007-2021},
}

@article{Balasubramanian_2022,
  AUTHOR = {Balasubramanian, S. and Hoelzle, M. and Lehning, M. and Bolibar, J.
            and Wangchuk, S. and Oerlemans, J. and Keller, F.},
  TITLE = {Influence of Meteorological Conditions on Artificial Ice Reservoir (
           Icestupa) Evolution},
  JOURNAL = {Frontiers in Earth Science},
  YEAR = {2022},
  URL = {https://www.frontiersin.org/articles/10.3389/feart.2021.771342/full},
  DOI = {10.3389/feart.2021.771342},
}

